@BOOK {e.angel&d.shreiner2012,
    author    = "E. Angel \& D. Shreiner",
    title     = "Interactive Computer Graphics - A Top-Down Approach with Shader-Based OpenGL",
    publisher = "Pearson/Addison-Wesley",
    year      = "2012",
    edition   = "sixth"
}